@Misc{   beamer,
  author = {Till Tantau},
  title = {beamer},
  howpublished = {\url{http://www.ctan.org/tex-archive/macros/latex/contrib/beamer/}},
  year = {2007}
}

@Misc{   gcite,
  author = {Matthew Tylee Atkinson and Iain Phillips},
  title = {gcite},
  howpublished = {\url{http://www.ctan.org/tex-archive/macros/latex/exptl/gcite}},
  year = {2007}
}

@Misc{   rubber,
  author = {Emmanuel Beffara},
  title = {rubber},
  howpublished = {\url{http://www.pps.jussieu.fr/~beffara/soft/rubber/} (is also included in Debian and Ubuntu's package repositories for easy installation)},
}

@Misc{   lacheck,
  author = {Patrick TJ McPhee},
  title = {lacheck},
  howpublished = {\url{http://www.ctan.org/tex-archive/support/lacheck/} (but you will probably find it has been installed by your TeX distribution already)},
  year = {1997}
}

@Misc{   booktabs,
  author = {Simon Pear},
  title = {booktabs},
  howpublished = {\url{http://tug.ctan.org/tex-archive/macros/latex/contrib/booktabs/}},
  year = {2005}
}

@Misc{   datatool,
  author = {Nicola Talbot},
  title = {datatool},
  howpublished = {\url{http://www.ctan.org/tex-archive/macros/latex/contrib/datatool/}},
  year = {2007}
}
@Misc{   fixme,
  author = {Didier Verna},
  title = {fixme},
  howpublished = {\url{http://www.ctan.org/tex-archive/macros/latex/contrib/fixme/}},
  year = {2007}
}
@Misc{   glossaries,
  author = {Nicola Talbot},
  title = {glossaries},
  howpublished = {\url{http://www.ctan.org/tex-archive/macros/latex/contrib/glossaries/}},
  year = {2008}
}
